
@misc{vuejsdevtools,
	title = {{vuejs/vue-devtools}},
	journal = {GitHub},
	note = {[Accessed April 2018]},
	url = {https://github.com/vuejs/vue-devtools}
}
@misc{kubernetes_whatis,
    author = {{Kubernetes}},
    title = {What is Kubernetes?},
	note = {[Accessed April 2018]},
	url = {https://kubernetes.io/docs/concepts/overview/what-is-kubernetes}
}

@misc{openshift_infrastructure,
    author = {{Kubernetes}},
    title = "Kubernetes Infrastructure",
    note = {[Accessed April 2018]},
    url = "https://docs.openshift.org/latest/architecture/infrastructure_components/kubernetes_infrastructure.html"
}

@misc{github_etcd,
	title = {{coreos/etcd}},
	journal = {GitHub},
	note = {[Accessed April 2018]},
	url = {https://github.com/coreos/etcd}
}

@misc{kubernetes_nodes,
    author = {{Kubernetes}},
    title = "Kubernetes Documentation: Nodes",
    note = {[Online; access April 2018]},
    url = "https://kubernetes.io/docs/concepts/architecture/nodes/"
}

@misc{kubernetes_pods,
    author = {{Kubernetes}},
    title = "Kubernetes Documentation: Pods",
    note = {[Accessed April 2018]},
    url = "https://kubernetes.io/docs/concepts/workloads/pods/pod/"
}

@misc{kubernetes_deployments,
    author = {{Kubernetes}},
    title = "Kubernetes Documentation: Deployments",
    note = {[Accessed April 2018]},
    url = "https://kubernetes.io/docs/concepts/workloads/controllers/deployment/"
}

@misc{kubernetes_services,
    author = {{Kubernetes}},
    title = "Kubernetes documentation: Services",
    note = {[Online, accessed April 2018]},
    url = "https://kubernetes.io/docs/concepts/services-networking/service/"
}

@misc{prerep,
    title = " B. Dyrli, Ø. Andreassen, Nvidia-DGX-1 Preliminary Report, UiA, Grimstad, Norway, 20. feb 2017."
}

@book{simple_markovian_queuing,
    author    = "U. Narayan Bhat",
    title     = "An introduction to queueing theory, second edition",
    year      = "2015",
    publisher = "Birkhäuser Basel",
    note = {[Accessed April 2018]}
}

@misc{vim,
	title = {{welcome home : vim online}},
	note = {[Accessed Apr. 2018]},
	url = {https://www.vim.org}
}

@misc{vscode,
    author = {{Microsoft}},
	title = {{Visual Studio Code - Code Editing. Redefined}},
	note = {[Accessed Apr. 2018]},
	url = {https://code.visualstudio.com}
}

@misc{git,
    author = {{Git}},
	title = {{Git}},
	note = {[Accessed Apr. 2018]},
	url = {https://git-scm.com}
}

@misc{jira,
	author = {Atlassian},
	title = {{Jira {$\vert$} Issue {\&} Project Tracking Software {$\vert$} Atlassian}},
	journal = {Atlassian},
	note = {[Accessed Apr. 2018]},
	url = {https://www.atlassian.com/software/jira}
}

@misc{bitbucket,
	author = {Atlassian},
	title = {{Bitbucket {$\vert$} The Git solution for professional teams}},
	journal = {Bitbucket},
	note = {[Accessed Apr. 2018]},
	url = {https://bitbucket.org}
}

@misc{postman,
    author = {{Postdot Technologies, Inc.}},
	title = {{Postman}},
	journal = {Postman},
	note = {[Accessed Apr. 2018]},
	url = {https://www.getpostman.com}
}

@misc{docker,
    author = {{Docker Inc.}},
	title = {{Docker}},
	journal = {Docker},
	note = {[Accessed Apr. 2018]},
	url = {https://www.docker.com}
}

@misc{dockercomp,
    author = {{Docker Inc.}},
	title = {{Docker Compose}},
	journal = {Docker Documentation},
	note = {[Accessed Apr. 2018]},
	url = {https://docs.docker.com/compose/overview/}
}

@misc{kube,
    author = {{Kubernetes}},
	title = {{Kubernetes}},
	journal = {Kubernetes},
	note = {[Accessed Apr. 2018]},
	url = {https://kubernetes.io}
}

@misc{grafana,
    author = {{Grafana Labs}},
	title = {{Grafana - The open platform for analytics and monitoring}},
	journal = {Grafana Labs},
	note = {[Accessed 29. Apr. 2018]},
	url = {https://grafana.com}
}

@misc{prometheus,
	author = {{Prometheus}},
	title = {{Prometheus - Monitoring system {\&} time series database}},
	note = {[Accessed Apr. 2018]},
	url = {https://prometheus.io}
}

@misc{mysql,
    author = {{Oracle Corporation}},
	title = {{MySQL}},
	note = {[Accessed Apr. 2018]},
	url = {https://www.mysql.com}
}

@misc{cadvisor,
	title = {{google/cadvisor}},
	journal = {GitHub},
	note = {[Accessed Apr. 2018]},
	url = {https://github.com/google/cadvisor}
}

@misc{caddy,
    author = {{Light Code Labs, LLC}},
	title = {{Caddy - The HTTP/2 Web Server with Automatic HTTPS}},
	note = {[Accessed Apr. 2018]},
	url = {https://caddyserver.com}
}

@misc{alertmanager,
	author = {{Prometheus}},
	title = {{Alertmanager {$\vert$} Prometheus}},
	note = {[Accessed Apr. 2018]},
	url = {https://prometheus.io/docs/alerting/alertmanager}
}

@misc{nodeexporter,
	title = {{prometheus/node{$\_$}exporter}},
	journal = {GitHub},
	note = {[Accessed Apr. 2018]},
	url = {https://github.com/prometheus/node_exporter}
}

@misc{golang,
	title = {{The Go Programming Language}},
	note = {[Accessed Apr. 2018]},
	url = {https://golang.org}
}

@misc{vuejs,
    author = {{Evan You}},
	title = {{Vue.js}},
	note = {[Accessed Apr. 2018]},
	url = {https://vuejs.org}
}

@misc{bootstrapvue,
	title = {{Bootstrap Vue}},
	note = {[Accessed Apr. 2018]},
	url = {https://bootstrap-vue.js.org}
}

@misc{vueparticles,
	title = {{creotip/vue-particles}},
	journal = {GitHub},
	note = {[Accessed Apr. 2018]},
	url = {https://github.com/creotip/vue-particles}
}

@misc{laravel,
	author = {Taylor Otwell},
	title = {{Laravel - The PHP Framework For Web Artisans}},
	note = {[Accessed Apr. 2018]},
	url = {https://laravel.com}
}

@misc{gpu_paper,
    author = {André R. Brodtkorb, Trond R. Hagen, Martin L. Sætra},
    title = {GPU Programming Strategies and Trends in GPU Computing},
    year = {2013},
    note = {[Accessed Apr. 2018]},
    url = {http://babrodtk.at.ifi.uio.no/files/publications/brodtkorb_etal_meta10.pdf}
}

@misc{nvidia_kepler,
    author = {{NVIDIA}},
    title = {NVIDIA's Next Generation CUDA Compute Architecture: Kepler GK110/210},
    year = {2014},
    note = {[Accessed Apr. 2018]},
    url = {https://www.nvidia.com/content/dam/en-zz/Solutions/Data-Center/documents/NVIDIA-Kepler-GK110-GK210-Architecture-Whitepaper.pdf}
}
@misc{puget_tensorflow,
    author = {Donald Kinghorn},
    title = {TensorFlow Scaling on 8 1080Ti GPUs - Billion Words Benchmark with LSTM on a Docker Workstation Configuration},
    year = {2018},
    note = {[Accessed Apr. 2018]},
    url = {https://www.pugetsystems.com/labs/hpc/TensorFlow-Scaling-on-8-1080Ti-GPUs---Billion-Words-Benchmark-with-LSTM-on-a-Docker-Workstation-Configuration-1122/}
}
@misc{ibm_tensorflow,
    author = {Sumit Gupta},
    title = {Scaling TensorFlow and Caffe to 256 GPUs},
    year = {2017},
    note = {[Accessed Apr. 2018]},
    url = {https://www.ibm.com/blogs/systems/scaling-tensorflow-and-caffe-to-256-gpus/}
}
@misc{amdahl_wofram,
    author = {Joel F. Klein},
    title = {Amdahl's Law},
    note = {[Accessed April 2018]},
    url = {http://demonstrations.wolfram.com/AmdahlsLaw/}
}
@book{nyberd_statistikk,
    author = {Svein Olav Glesaaen Nyberg},
    title = {Statistikk - en bayesiansk tilnærming. Første utgave},
    publisher = {Universitetsforlaget},
    year = {2016},
    note = {[]Accessed May 2018]}
}
@misc{cisco_wfq,
    author = {{Cisco}},
    title = {Congestion Management Overview},
    year = {2014},
    note = {[Accessed May 2018]},
    url = {https://www.cisco.com/c/en/us/td/docs/ios/12_2/qos/configuration/guide/fqos_c/qcfconmg.html}
}
@misc{wolfram_betafunction,
    author = {Eric W. Weisstein},
    title = {Beta Function. From Mathwolrd--A Wolfram Web Resource.},
    note = {[Accessed May 2018]},
    url = {http://mathworld.wolfram.com/BetaFunction.html}
}
@misc{bell_unixphilosophy,
    author = {{Bell Labs}, Doug Mcllory},
    title = {The Bell System Technical Journal, vol. 57, no. 6},
    year = {1978},
    note = {[Accessed May 2018]},
    url = {http://emulator.pdp-11.org.ru/misc/1978.07\_-\_Bell_System\_Technical\_Journal.pdf}
}
@misc{nanoservices,
    author = {Arnon Toem-Gal-Oz},
    title = {Practical SOA},
    note = {[Accessed May 2018]},
    url = {http://arnon.me/wp-content/uploads/2010/10/Nanoservices.pdf}
}
@book{comptia_sec,
  author    = {Emmett A. Dulaney, Chuck Easttom}, 
  title     = {CompTIA Security+ Study Guide},
  publisher = {Sybex},
  year      = 2014,
  edition   = 6,
  note      = {[Accessed May 2018]},
  isbn      = {978-1118875070}
}
@misc{http_basic_rfc,
    author = {{IETF}, J. Reschke},
    title = {The 'Basic' HTTP Authentication Scheme},
    year = 2015,
    note = {[Accessed May 2018]},
    url = {https://tools.ietf.org/html/rfc7617}
}
@misc{oauth_rfc,
    author = {{IETF}, D. Hardt},
    title = {The OAuth 2.0 Authorization Framework},
    year = {2012},
    note = {[Accessed May 2018]},
    url = {https://tools.ietf.org/html/rfc6749}
}
@misc{kubernetes_cri,
    author = {Yu-Ju Hong},
	year = {2016},
	note = {[Accessed May 2018]},
	url = {https://kubernetes.io/blog/2016/12/container-runtime-interface-cri-in-kubernetes}
}
@misc{kubernetes_component_overview,
    author = {{Kubernetes}},
	year = {2018},
	note = {[Accessed May 2018]},
	url = {https://kubernetes.io/docs/concepts/overview/components/#cloud-controller-manager}
}
@misc{kubernetes_kubectl,
    author = {{Kubernetes}},
	note = {[Accessed May 2018]},
	url = {https://kubernetes.io/docs/reference/kubectl/overview}
}
@misc{kubernetes_dns,
    author = {{Kubernetes}},
	note = {[Accessed May 2018]},
	url = {https://kubernetes.io/docs/concepts/services-networking/dns-pod-service}
}
@misc{coreos_flannel,
    author = {{CoreOS}},
	title = {{coreos/flannel}},
	journal = {GitHub},
	note = {[Accessed May 2018]},
	url = {https://github.com/coreos/flannel}
}

@misc{dockerfile,
    author = {{Docker Inc.}},
	title = {{{$\vert$} Docker Documentation}},
	journal = {Docker Documentation},
	note = {[Accessed May 2018]},
	url = {https://docs.docker.com/engine/reference/builder/}
}
@misc{ldap_rfc,
    author = {Ed. J. Sermersheim},
	title = {{Lightweight Directory Access Protocol (LDAP): The Protocol}},
	year = {2006},
	note = {[Accessed May 2018]},
	url = {https://tools.ietf.org/html/rfc4511}
}
@misc{basic_ldap_concepts,
	title = {{Basic LDAP Concepts}},
	journal = {LDAP.com},
	note = {[Accessed May 2018]},
	url = {https://ldap.com/basic-ldap-concepts}
}

@misc{container_vs_vm,
    author = {{Docker Inc.}},
	title = {{Docker}},
	journal = {Docker},
	note = {[Accessed May 2018]},
	url = {https://www.docker.com/what-container}
}

@misc{dockerimage,
    author = {{Docker Inc.}},
	title = {{About images, containers, and storage drivers}},
	journal = {Docker Documentation},
	note = {[Accessed May 2018]},
	url = {https://docs.docker.com/v17.09/engine/userguide/storagedriver/imagesandcontainers}
}

@misc{lxd,
	title = {{Linux Containers - LXD - Introduction}},
	note = {[Accessed May 2018]},
	url = {https://linuxcontainers.org/lxd/introduction}
}

@misc{lxc,
	title = {{Linux Containers - LXC - Introduction}},
	note = {[Accessed May 2018]},
	url = {https://linuxcontainers.org/lxc/introduction}
}

@misc{virtualization,
    author = {{IBM Global Education}},
	title = {{Virtualization in Education - Virtualization in Education.pdf}},
	year = {2007},
	note = {[Accessed May 2018]},
	url = {http://www-07.ibm.com/solutions/in/education/download/Virtualization\%20in\%20Education.pdf}
}

@misc{cgroup,
    author = {Paul Menage},
	note = {[Accessed May 2018]},
	url = {https://www.kernel.org/doc/Documentation/cgroup-v1/cgroups.txt}
}

@misc{c_lang,
    author = {Dennis M. Ritchie},
	title = {{historien-om-C.pdf}},
	note = {[Accessed May 2018]},
	url = {http://heim.ifi.uio.no/inf2270/programmer/historien-om-C.pdf}
}
@misc{kubernetes_ha,
    author = {{Kubernetes}},
	note = {[Accessed May 2018]},
	url = {https://kubernetes.io/docs/admin/high-availability/building}
}

@misc{containerization_def,
    author = {{Techopedia Inc}},
	title = {{What is Containerization? - Definition from Techopedia}},
	journal = {Techopedia.com},
	note = {[Accessed May 2018]},
	url = {https://www.techopedia.com/definition/31234/containerization-computers}
}
@misc{kubeadm_token,
    author = {{Kubernetes}},
	note = {[Accessed May 2018]},
	url = {https://kubernetes.io/docs/reference/setup-tools/kubeadm/kubeadm-token}
}
@misc{jupyter_password,
	title = {{What is login password in the jupyter notebook? {$\cdot$} Issue {\#}6351 {$\cdot$} tensorflow/tensorflow}},
	journal = {GitHub},
	note = {[Accessed May 2018]},
	url = {https://github.com/tensorflow/tensorflow/issues/6351}
}
@misc{docker_swarm,
    author = {{Docker Inc.}},
	title = {{Swarm mode overview}},
	journal = {Docker Documentation},
	note = {[Accessed May 2018]},
	url = {https://docs.docker.com/engine/swarm/#feature-highlights}
}
@misc{openshift,
    author = {{Red Hat}},
	title = {{OpenShift: Container Application Platform by Red Hat, Built on Docker and Kubernetes}},
	note = {[Accessed May 2018]},
	url = {https://www.openshift.com}
}
@misc{minikube,
	title = {{kubernetes/minikube}},
	journal = {GitHub},
	note = {[Accessed May 2018]},
	url = {https://github.com/kubernetes/minikube}
}
@misc{kubernetes_gpu,
    author = {{Kubernetes}},
	note = {[Accessed May 2018]},
	url = {https://kubernetes.io/docs/tasks/manage-gpus/scheduling-gpus}
}
@misc{py3nvml,
	title = {{fbcotter/py3nvml}},
	journal = {GitHub},
	note = {[Accessed May 2018]},
	url = {https://github.com/fbcotter/py3nvml}
}
@misc{nvidia_dgx,
    author = {{NVIDIA}},
	title = {{NVIDIA DGX-1: Essential Instrument of AI Research}},
	journal = {NVIDIA},
	note = {[accessed May 2018]},
	url = {https://www.nvidia.com/en-us/data-center/dgx-1}
}
@misc{systemd,
	title = {{systemd}},
	author = {{Freedesktop}},
	journal = {freedesktop},
	note = {[Accessed May 2018]},
	url = {https://www.freedesktop.org/software/systemd/man/systemd.html}
}
@misc{systemctl,
	title = {{systemctl}},
	author = {{Freedesktop}},
	note = {[Accessed May 2018]},
	url = {https://www.freedesktop.org/software/systemd/man/systemctl.html}
}
@misc{composeNett,
    author = {{Docker Inc.}},
	title = {{Networking in Compose}},
	journal = {Docker Documentation},
	note = {[Accessed May 2018]},
	url = {https://docs.docker.com/compose/networking}
}